@article{ACAT_2014,
    author  = "Makatun, D and Lauret, J and Rudov\'a, H and \v{S}umbera, M",
    title   = "Planning for distributed workflows: constraint-based coscheduling of computational jobs and data placement in distributed environments",
    year    = "2014",
    journal = "J. Phys.: Conf. Ser.",
}

@article{Makatun_cache,
    author  = "Makatun, D and Lauret, J and \v{S}umbera, M",
    title   = "Study of cache performance in distributed environment for data processing",
    year    = "2014",
    journal = "J. Phys.: Conf. Series",
    number  = "012016",
    pages   = "523"
}

@article{Zerola,
    author  = "Zerola, M and Lauret, J and Bart\'ak, R and \v{S}umbera, M",
    title   = "One click dataset transfer: toward efficient coupling of distributed storage resources and CPUs",
    year    = "2012",
    journal = "J. Phys.: Conf. Ser.",
    pages   = "368"
}

@article{Balewski_2012pa,
    author  = "Balewski, J and Lauret, J and Olson, D and Sakrejda, I and Arkhipkin, D and Bresnahan, J and Keahey, K and Porter, J and et al.",
    title   = "Offloading peak processing to virtual farm by STAR experiment at RHIC",
    year    = "2012",
    journal = "J. Phys. Conf. Ser.",
    number  = "012011",
    pages   = "368"
}

@article{Trees,
    author  = "Beaumont, O and Carter, L and Ferrante, J and Legrand, A and Robert, Y",
    title   = "Bandwidth-Centric Allocation of Independent Tasks on Heterogeneous Platforms",
    year    = "2002",
    journal = "International Parallel and Distributed Processing Symposium (IPDPSâ€™2002),  IEEE Computer"
}

@article{Globus_scheduler,
    author  = "Ranganathan, K and Foster, I",
    title   = "Decoupling computation and data scheduling in distributed data-intensive applications",
    year    = "2002",
    journal = "11th IEEE International Symposium on High Performance Distributed Computing",
    pages   = "352 - 358"
} 
