
  	
@article{522730381,
  author={},
  title={Experimental and theoretical challenges in the search for the quark gluon plasma: The STAR collaboration's critical assessment of the evidence from RHIC collisions},
  journal={Nucl. Phys.},
  volume={757},
  number={1-2},
  pages={102},
  url={http://dx.doi.org/10.1016/j.nuclphysa.2005.03.085},
  year={2005},
  abstract={}
}
	
  	
@article{522730382,
  author={},
  title={Contextualization in Practice: The Clemson Experience},
  journal={Proceedings of 13th International Workshop on Advanced Computing and Analysis Techniques in Physics
Research PoS(ACAT2010)},
  volume={},
  number={},
  pages={027},
  url={},
  year={2010},
  abstract={}
}
	
  	
@article{522730389,
  author={},
  title={Kestrel: an XMPP-based framework for many task computing applications},
  journal={Proceedings of the 2nd Workshop on Many-Task Computing on Grids and Supercomputers},
  volume={},
  number={},
  pages={},
  url={},
  year={2009},
  abstract={}
}
	
  	
@article{522730383,
  author={},
  title={Magellan: experiences from a science cloud},
  journal={Proceeding ScienceCloud '11 Proceedings of the 2nd international workshop on Scientific cloud
computing},
  volume={},
  number={},
  pages={49},
  url={http://dx.doi.org/10.1145/1996109.1996119},
  year={2011},
  abstract={}
}
	
  	
@article{522730380,
  author={},
  title={From Grid to Cloud, the STAR experience},
  journal={},
  volume={},
  number={},
  pages={},
  url={},
  year={2010},
  abstract={}
}
	
  	
@article{522730384,
  author={},
  title={When STAR meets the Clouds Virtualization & 'Cloudified' grids experience CHEP 2010 proceedings},
  journal={J. Phys. Conf. Ser.},
  volume={331},
  number={},
  pages={062016},
  url={http://stacks.iop.org/1742-6596/331/i=6/a=062016},
  year={2010},
  abstract={}
}
	
  	
@article{522730385,
  author={},
  title={},
  journal={Science Clouds: Early Experiences in Cloud Computing for Scientific Applications, Cloud Computing
and Its Applications (CCA-08)},
  volume={},
  number={},
  pages={},
  url={},
  year={2008},
  abstract={}
}
	
  	
@article{522730386,
  author={},
  title={},
  journal={},
  volume={},
  number={},
  pages={},
  url={},
  year={},
  abstract={}
}
	
  	
@article{522730387,
  author={},
  title={BNL Batch and DataCarousel systems at BNL: A tool and UI for efficient access to data on tape with faire-share policies capabilities},
  journal={PoS(ACAT2010)},
  volume={},
  number={},
  pages={023},
  url={},
  year={2010},
  abstract={}
}
	
  	
@article{522730388,
  author={},
  title={Tape Storage Optimization at BNL CHEP 2010 proceedings},
  journal={J. Phys. Conf. Ser.},
  volume={331},
  number={},
  pages={042045},
  url={http://stacks.iop.org/1742-6596/331/i=4/a=042045},
  year={2010},
  abstract={}
}
	